2184 3725
573 149 1007 219 ‘AemcoLAE
1057 149 1268 218 vm.
1774 159 1893 224 ηδ

47 262 354 334 ventem·
394 267 559 352 eius,
604 269 772 334 alam
811 273 882 335 in
923 268 1165 334 finibus
1190 266 1323 334 suis
1356 283 1655 358 agentem
1684 273 1889 362 prope!¹

48 360 443 424 universam
503 359 868 426 obtriverat.
909 386 924 424 ε
987 377 1193 449 eoque
1240 363 1427 424 in³ti0
1480 377 1682 425 erecta
1728 385 1891 450 pro-

51 449 332 528 vincia,
373 466 442 515 ut
489 449 730 540 quibus
775 450 1018 516 bellum
1071 450 1436 515 volentibus
1483 465 1668 530 erat,
1727 471 1913 538 pro-⁸

51 537 225 603 bure
279 541 686 628 exemplum,
734 556 847 607 aut
887 544 1162 605 recentis⁴
1204 538 1397 628 legati
1446 544 1737 604 animum
1776 565 1896 630 op-

51 631 290 718 periri.
313 629 488 696 Tem
519 631 824 717 Agricola
851 678 871 709 ,
899 629 1285 720 quamquam
1314 641 1631 696 transacta
1674 633 1853 696 aestas
1875 677 1897 712 ,

60 718 298 808 sparsi'
326 743 434 808 per
480 725 884 810 provinciam
933 726 1232 796 numeri,
1289 739 1677 810 praesumpta
1720 722 1895 810 apud

59 811 346 874 militem
372 811 566 894 jllius
610 815 766 876 anni
813 814 1028 902 quies,
1067 813 1240 878 tarda
1289 828 1351 876 et
1383 815 1699 876 contraria
1748 812 1899 875 bel-

57 898 210 965 lum
276 901 706 978 inchoaturo,
767 917 830 966 et
897 902 1215 990 plerisque
1252 903 1561 967 custodiri
1610 919 1907 987 suspecta

65 990 297 1080 potitis
335 990 704 1069 videbatur,
750 994 840 1055 ire
889 993 1147 1057 obviam
1198 993 1555 1057 discrimini
1619 1000 1840 1058 statuit
1876 1015 1899 1062 e

63 1085 552 1170 contractisque
597 1079 934 1169 legionum
994 1081 1284 1162 vexilliS,
1344 1099 1403 1146 et
1476 1082 1725 1146 modica
1774 1108 1905 1148 au·-

67 1169 384 1236 xiliorum
433 1193 674 1250 manu,
726 1178 879 1260 quia
925 1175 992 1236 in
1041 1197 1301 1256 aequum
1352 1170 1625 1260 degredi
1672 1174 1899 1236 Ordo-

71 1263 256 1328 vices
303 1286 436 1327 non
491 1264 851 1338 audebant,
904 1266 1038 1350 ipse
1076 1279 1230 1327 ante
1271 1285 1555 1346 agmen,
1598 1263 1729 1348 quo
1776 1287 1898 1329 cae-

73 1357 236 1416 teris
296 1377 406 1441 par
475 1353 734 1417 animus
797 1353 992 1418 simili
1067 1352 1363 1441 periculo
1428 1367 1633 1427 esset,
1698 1357 1901 1420 erexit

73 1448 285 1508 aciem
312 1467 330 1517 ς
355 1441 650 1533 caesaque
682 1445 878 1530 prope
920 1441 1216 1508 universa
1246 1457 1478 1531 gente,
1522 1465 1663 1507 non
1710 1447 1901 1531 igna-

73 1557 192 1597 rus
224 1533 606 1600 instandum
639 1532 828 1599 famae
859 1579 878 1610 ,
911 1557 982 1599 ac
1008 1579 1022 1610 ,
1049 1551 1243 1622 prout
1283 1535 1486 1622 prima
1518 1535 1853 1602 cessissent
1875 1585 1899 1619 ,

75 1622 216 1688 fore
253 1627 582 1700 universa3
615 1623 889 1689 Monam
924 1624 1207 1688 insulam
1231 1669 1251 1702 ‚
1278 1628 1465 1710 cujus
1492 1628 1901 1712 posses-sione

75 1729 449 1780 revocatum
486 1711 848 1778 Paisllinum
895 1711 1255 1780 rebellione
1312 1716 1505 1779 totius
1548 1715 1899 1795 Britanni.

81 1802 272 1895 supra
297 1809 638 1871 memoravi
665 1849 683 1883 ,
717 1806 1006 1887 redigere
1031 1808 1097 1869 in
1130 1819 1502 1891 potestatem
1528 1807 1750 1870 animo
1795 1809 1901 1869 in-

83 1898 310 1961 tendit.
340 1897 458 1961 Sed
483 1944 500 1974 ,
526 1912 600 1959 ut
633 1899 700 1959 in
739 1895 968 1960 subitis
996 1896 1324 1973 consiliis,
1366 1918 1564 1961 naves
1597 1899 1900 1969 deerantt

81 1992 248 2051 ratio
269 2004 328 2052 et
363 1988 724 2071 constantia
766 1985 952 2051 ducis
1003 1991 1371 2053 transvexit.
1404 1987 1731 2073 Depositis
1755 2008 1903 2049 om·-

84 2078 284 2143 nibus
327 2078 634 2155 sart-iniS,
684 2076 1064 2142 lectissimos
1112 2083 1215 2154 (1)
1268 2073 1725 2155 auxiliarium,
1753 2079 1909 2164 qui-.-

83 2168 208 2233 bus
261 2183 413 2233 nota
463 2168 660 2245 vada,
704 2183 770 2233 et
817 2172 1061 2255 patrius
1114 2166 1313 2232 nandi
1380 2188 1577 2240 usne,
1622 2187 1759 2255 quo
1802 2169 1903 2231 si·-

87 2259 227 2324 mul
278 2280 469 2344 seque
511 2273 574 2323 et
619 2273 900 2321 arma·et
933 2282 1133 2345 equos
1176 2270 1455 2347 regunt,
1504 2260 1591 2323 ita
1640 2258 1904 2345 repent&

87 2351 388 2425 immisit,
432 2363 501 2413 ut
547 2346 964 2437 obstupefacti
1013 2348 1231 2412 hostes
1257 2393 1275 2427 ,
1304 2350 1415 2435 qui
1446 2346 1754 2425 classem,
1790 2351 1905 2435 qni

91 2444 461 2525 naves,qui
515 2460 688 2503 mare
733 2438 1229 2527 exspectabant,
1273 2436 1439 2502 nihil
1480 2436 1752 2501 arduum
1789 2450 1911 2503 aut

87 2533 401 2596 invictum
467 2529 850 2595 crediderint
907 2534 1000 2594 sic
1049 2532 1127 2594 ad
1188 2528 1427 2591 bellum
1464 2526 1899 2591 venientibus.

97 2622 191 2685 lta
237 2620 426 2709 petita
476 2642 666 2709 pace,
711 2643 782 2684 ac
827 2618 1042 2685 dedita
1086 2618 1340 2693 insula,
1384 2616 1595 2681 clarus
1634 2638 1711 2679 ac
1751 2636 1903 2681 rna-

92 2732 264 2800 gnus
317 2711 540 2775 haberi
607 2708 910 2799 Agricola
966 2734 984 2773 z
1033 2711 1277 2799 quippe
1327 2710 1433 2771 cui
1498 2706 1897 2795 ingredienti

91 2803 482 2891 provinciam
505 2846 526 2877 ,
556 2800 731 2890 quod
770 2817 1020 2888 tempus
1049 2799 1160 2863 alii
1205 2822 1319 2888 per
1355 2802 1901 2875 ostentationem,

90 2907 198 2963 aut
233 2889 596 2956 officiorum
625 2890 938 2955 ambitum
982 2895 1391 2977 transigunt,
1437 2887 1618 2952 labor
1664 2900 1727 2950 et
1774 2910 1885 2975 pe-

92 2981 372 3047 riculum
436 2980 790 3072 placuisset.
855 2982 990 3067 Nec
1060 2979 1407 3070 Agricola,
1478 2981 1900 3068 prosperitate

90 3148 1900 3175 W

153 3244 219 3290 (ι)
253 3236 490 3283 C’dtaieut
522 3232 1042 3281 vraisemblablement
1071 3236 1153 3278 des
1190 3234 1402 3277 Ramnes.
1439 3232 1607 3279 Tacite
1632 3234 1745 3279 ioue
1786 3232 1900 3281 lent

98 3310 304 3352 cour-age
338 3307 388 3343 et
418 3300 530 3343 leur
561 3292 753 3341 adresse
789 3292 909 3341 dans
945 3296 992 3339 le
1023 3296 1093 3349 ‘v‘
1114 3294 1203 3341 liv.
1236 3292 1319 3341 des
1354 3294 1607 3340 Histoires.
1941 3304 1947 3309 ·
